@STRING(LTWA = "\href{http://www.issn.org/2-22661-LTWA-online.php}{ISSN List of Title Word Abbreviations}")

@STRING(ABAMS = "Abstracts Amer.\null{} Math.\null{} Soc.")
@STRING{ACM-CAN = "ACM Computer Architecture News"}
@STRING(ACMCS = "ACM Computing Surveys")
@STRING{ACM-OSR = "ACM Operating Systems Review"}
@STRING{ACM-SEN = "ACM Software Engineering Notes"}
@STRING(ACM-TOCL =  "ACM Trans.\null{} Computational Logic")
@STRING(ACM-TOPLAS =  "ACM Trans.\null{} Programming Languages and Systems")
%@STRING(ACM-TOPLAS = "ACM Transactions on Programming Languages and Systems (TOPLAS)")
@STRING(ACM-TDS =  "ACM Trans.\null{} Database Systems")
@STRING(ACTCAROL = "Acta Univ.\null{} Carolin.\null{} Math.\null{} Phys.")
@STRING(ACTIN ="Acta Inform.")
@STRING(AI = "Artificial Intelligence")
@STRING(ALGU = "Algebra Universalis")
@STRING(AJM = "Amer.\null{} J.\null{} Math.")
@STRING(ANDIMAT = "Ann.\null{} Mat.\null{} Pura Appl.")
@STRING(ANMA = "Ann.\null{} of Math.\null{} (2)")
@STRING(ANMAAI = "Ann.\null{} Math.\null{} Artificial Intelligence")
@STRING(ANMAST = "Ann.\null{} Math.\null{} Statist.")
@STRING(ANPURE = "Ann.\null{} Pure Appl.\null{} Logic")
@string{APAL = "Annals of Pure and Applied Logic"}
@STRING(ANSCI = "Annals of Science")
@string{APCS = "Applied Categorical Structures"}
@STRING(ARHIST = "Arch.\null{} Hist.\null{} Exact Sci.")
@STRING(ARMAT = "Arch.\null{} Math.\null{} Logik Grundlag.")
@STRING(ARSYST = "Archiv f{\"u}r systematische Philosophie")
@STRING(BIGPL = "Bull.\null{} of the IGPL")
@STRING(LJIGPL = "L.\null{} J.\null{} of the IGPL")
@STRING(BUAMS = "Bull.\null{}  Amer.\null{} Math.\null{} Soc.")
@string{BuAuMS = "Bull. Austr. Math. Soc."}
@STRING(BUFRANCE = "Bull.\null{} Soc.\null{} Math.\null{} France")
@STRING(BUIC = "Bull.\null{} Inform.\null{} Cybernet.")
@STRING(BUPOL ="Bull.\null{} Polish Acad.\null{} Sci.\null{} Math.")
@STRING(BUPOLLOG ="Bull.\null{} Polish Acad.\null{} Sci.\null{} Math., Sect.\null{} on Logic")
@STRING(BUPOLON = "Bull.\null{} Acad.\null{} Polon.\null{} Sci.\null{} Ser.\null{} Sci.\null{} Math.\null{} Astronom.\null{} Phys.")
@STRING(CANAD = "Canad.\null{} J.\null{} Math.")
@STRING(CANADP = "Canad.\null{} J.\null{} of Philosophy")
@STRING(CACM = "Comm.\null{} ACM")

string{CACM = "Communications of the ACM"}
@STRING(CJ = "Comput.\null{} J.")
@STRING(CNRS = "Colloq.\null{} Internat.\null{} de Logique CNRS")
@STRING(COLL = "Colloq.\null{} Math.")
@STRING(COMPLANG = "Computer Language")
@STRING(COMPOSIT = "Compositio Math.")
@STRING(COMPUMAT = "Internat.\null{} J.\null{} Comput.\null{} Math.")
@STRING(COMPUTER = "Computer")
@STRING(COMPUTING = "Computing")
@STRING{COMREV = "Computing Reviews"}
@STRING(COMSURV = "Comput.\null{} Surveys")
@STRING(CONNUM = "Congr.\null{} Numer.")

@STRING(CRPARIS = "C.\null{} R.\null{} Acad.\null{} Sci.\null{} Paris Ser.\null{} A-B")
issn{0302-8429}
request{6742777: Olivier-Serrato-1980}

string{CTGD = "Cahiers de Top.~et G{\'e}om.~Diff."}
@string{CTGD = "Cahiers de Topologie ed G\'eom\'etrie Diff\'erentielle"}
@string{CTGDC = "Cahiers de Topologie ed G\'eom\'etrie Diff\'erentielle Cat\'egoriques"}
@STRING(DEMONST = "Demonstratio Math.")
@STRING(DIAL = "Dialectica")
@STRING(DISCR = "Discrete Math.")
@STRING(DOCL = "Doklady")
@STRING(DUKE = "Duke Math.\null{} J.")

@string{ECEASST = "ECEASST"}
string{ENTCS = "Electronic Notes in Computer Science"}
@string{ENTCS = "ENTCS"}
@string{EPTCS = "EPTCS"}

@STRING(EPSILON = "Pi Mu Epsilon J.")
@STRING(FACOMP = "Formal Aspects of Computing")
@STRING(FUND = "Fund.\null{} Math.")
@STRING(FundMathFULL = "Fundamenta Mathematicae")
@STRING(FundMath = "Fund.\null{} Math.")
@STRING(FUNDI = "Fund.\null{} Inform.")
@STRING(GEOMDED = "Geom.\null{} Dedicata")
@STRING(HIST = "Hist.\null{} Philos.\null{} Logic")
@STRING(HOPKINS = "Johns Hopkins Univ.\null{} Circulars")
@STRING(HOSYCO = "Higher-Order and Symbolic Comput.")
@STRING(HOUST = "Houston J.\null{} Math.")
@STRING(IandC =  "Inform.\null{} and Comput.")
@STRING(IBMRD = "IBM J.\null{} Res.\null{} Dev.")
@STRING{IEEECOM = "IEEE Computer"}
@STRING(IEEETC = "IEEE Trans.\null{} on Computers")
@STRING(IEEETSE = "IEEE Trans.\null{} on Software Engineering")
@string{IEEETSE = "IEEE Transactions on Software Engineering"}
@STRING(IEEETPDS = "IEEE Transactions on Parallel and Distributed Systems")
@STRING(IGPL = "IGPL Newsletter")
@STRING(IJFCS = "Internat.\null{} J.\null{} Found.\null{} Comput.\null{} Sci.")
@string{IJPP = "Int.\null{} J.\null{} Parallel Prog."}
@string{IJPP = "International Journal of Parallel Programming"}
@STRING(INFCOMP = "Inform.\null{} and Comput.")
@STRING(INFCON = "Inform.\null{} and Control")
@STRING(INDAG = "Indag.\null{} Math.")
@STRING(INFOSCI = "Inform.\null{} Sci.")
@STRING(INFOSCIOPRES = "Information Science and Operational Research J.")
@STRING(INFOSPEK = "Informatik-Spektrum")
@STRING{INFOTECH = "Infotech Internat.\null{}"}
@STRING(INTLOG = "Internat.\null{} Logic Review")
@STRING(INTJCM = "Internat.\null{} J.\null{} Comput.\null{} Math.")
@STRING(IPLET = "Inform.\null{} Process.\null{} Lett.")

@STRING(JALG = "J.\null{} Algebra")
string{JALG = "Journal of Algebra"}

@STRING(JAR = "J.\null{} Automated Reasoning")
string{JAR = "Journal of Automated Reasoning"}

@STRING(JAHRDEUTS = "Jahresber.\null{} Deutsch.\null{} Math.-Verein.")

STRING(JACM = "J.\null{} Assoc.\null{} Comput.\null{} Mach.")
@string{JACM = "Journal of the ACM"}
@string{JAuMS = "Journal of the Australian Mathematical Society"}
@STRING(JANCL = "J.\null{} Appl.\null{} Non-Classical Logics")

STRING(JCOMSYS = "J.\null{}  Comput.\null{} System Sci.")
@string{JCOMSYS = "Journal of Computer and System Science"}
@string{JEE = "Journal of Engineering Education"}
@string{JFP = "J.\null{} Functional Programming"}
@STRING(JLAP = "J.\null{} Logic and Algebraic Programming")
@STRING(JLOG = "J.\null{} Logic Programming")
@STRING(JLON = "J.\null{} London Math.\null{} Soc.")
@STRING(JMAT = "J.\null{} f{\"u}r Mathematik")
STRING(JoRMiCS = "Journal of Relational Methods in Computer Science")
@STRING(JoRMiCS = "J.\null{} Relational Methods in Comp.\null{} Sci.")

STRING(JPAA = "J.\null{} Pure and Applied Algebra")
@STRING(JPAA = "Journal of Pure and Applied Algebra")
@STRING(JPHIL = "J.\null{} Philos.\null{} Logic")
@STRING(JRES = "J.\null{} Res.\null{} Nat.\null{} Bur.\null{} Standards Sect.\null{} B")
@STRING(JSS = "Journal of Systems and Software")
@STRING(JSYCO = "J.\null{} Symbolic Comput.")

STRING(JSYLO = "J.\null{}  Symbolic Logic")
@string{JSYLO = "Journal of Symbolic Logic"}
@STRING(LN = "Lecture Notes")
@STRING(LINEAR = "Linear Algebra Appl.")
@string{MAMS = "Mem. Amer. Math. Soc."}
@STRING(MANN = "Math.\null{} Ann.")
@STRING(MATNACH = "Math.\null{} Nachr.")
@STRING(MANCHESTER = "Memoirs of the Manchester Literary and Philosophical Society, ser.\null{} 3")
@STRING(MATHZ = "Math.\null{} Z.")
@STRING(MATZAMETKI = "Mat.\null{} Zametki")
@STRING(MEM-ACAD = "Memoirs of the American Academy of Sciences")
@STRING(MICH = "Michigan Math.\null{} J.")
@STRING(MFSKU-A = "Mem.\null{} Fac.\null{} Sci.\null{} Kyushu Univ.\null{} Ser.\null{} A")
@STRING(MIND = "Mind")
@STRING(MONIST = "The Monist")

STRING(MSCS = "Math.\null{} Structures Comput.\null{} Sci.")
@string{MSCS = "Mathematical Structures in Computer Science"}
@string{MST = "Mathematical Systems Theory"}
@STRING(NAGOYA = "Nagoya Math.\null{} J.")
@STRING(NASU = "Proc.\null{} Nat.\null{} Acad.\null{} Sci.\null{} U.S.A.")
@STRING(NOTRE = "Notre Dame J.\null{}  Formal Logic")
@STRING(NOTIC = "Notices Amer.\null{} Math.\null{} Soc.")
@STRING(OPENC = "The Open Court")
@STRING(OSAKA = "Osaka Math.\null{} J.")
@STRING(PACIF = "Pacific J.\null{} Math.")
@STRING(PEARL = "PEARL Rundschau")
@STRING(PEIRCE = "Trans.\null{} of the Charles S.\null{} Peirce Society")
@STRING(PHILLON = "Philos.\null{} Trans.\null{} Roy.\null{} Soc.\null{} London Ser.\null{} A")
@STRING(PHILNAT = "Philos.\null{} Natur.")
@STRING(POLINST = "Polish Acad.\null{} Sci.\null{} Inst.\null{} Philos.\null{} Bull.\null{} Sect.\null{} Logic")
@STRING(PRO-ACAD = "Proc.\null{} of the American Academy of Arts and Sciences")
@STRING(PROAMS = "Proc.\null{} Amer.\null{} Math.\null{} Soc.")
@STRING(PRONAS = "Proc.\null{} Nat.\null{} Acad.\null{} Sci.\null{} U.S.A.")
@STRING(PROLMS = "Proc.\null{} London Math.\null{} Soc.")
@STRING(PRO-APA = "Proc.\null{} of the American Philosophical Association")
@STRING(PROEDIN = "Proc.\null{} Roy.\null{} Soc.\null{} Edinburgh")
@STRING(PRO-IEEE = "Proc.\null{} IEEE")
@STRING(PROLON = "Proc.\null{} Roy.\null{} Soc.\null{} London Ser.\null{} A")

string{RAIRO-I = "RAIRO -- Theoretical Informatics and Applications -- Informatique Th{\'e}orique et Applications"}
string{RAIRO-I = "Informatique Th{\'e}orique et Applications"}
@STRING(RAIRO-I = "{RAIRO} Inform.\null{} Th{\'e}or.\null{} Appl.")
@STRING(RAIROICS = "{RAIRO} Informatique/Computer Science")
@STRING(RENDCIRC = "Rend.\null{} Circ.\null{} Mat.\null{} Palermo")
@STRING(REVPHIL = "Rev.\null{} Internat.\null{} Philos.")
@STRING(RUSSELL = "Russell: the J.\null{} of the Bertrand Russell Archives.\null{} New series")
@STRING(SAJ = "South African J.\null{} of Philosophy")
@STRING(SEMIGROUP = "Semigroup Forum")
@string{SCICOP  = "Science of Computer Programming"}

STRING(SCICOP = "Sci.\null{} Comput.\null{} Programming")
@STRING(SIAMALG = "SIAM J.\null{} Algebraic Discrete Methods")
@STRING(SIAMCOMP = "SIAM J.\null{} Comput.")
@STRING(SIAMREV = "SIAM Rev.")
@STRING(SIGPLAN = "ACM SIGPLAN Notices")
@STRING(SITZ-B = "S.-B.\null{} Berlin Math.\null{} Ges.")
@STRING(SITZ-BAY = "Bayer.\null{} Akad.\null{} Wiss.\null{} Math.-Natur.\null{} Kl.\null{} Sitzungsber.")
@STRING(SOFTJ = "Software Engineering J.")
@STRING(STANDARD = "J.\null{} Res.\null{} Nat.\null{} Bur.\null{} Standards Sect.\null{} B")
@STRING(STRUCTURED = "Structured Programming")
@STRING(STUDGEN = "Studium Generale")
@STRING(STUDLOG = "Studia Logica")
@STRING(TAC = "Theory and Appl.~ of Categories")
@STRING(TAINF = "TA Informations")
@STRING(TRAMS = "Trans.\null{}  Amer.\null{} Math.\null{} Soc.")
@STRING(TRCAMB = "Trans.\null{} of the Cambridge Philosophical Society")

@STRING(TCS  = "Theoret.\null{} Comput.\null{} Sci.")
string{TCS = "Theoretical Computer Science"}
@STRING(THEPAP = "Theoretic Papers")
@STRING(UCPM = "Univ.\null{} California Publ.\null{} Math.")
@STRING(UNIX = "unix/mail")
@STRING(ZMALOG = "Z.\null{} Math.\null{} Logik Grundlag.\null{} Math.")



@STRING(Annals = "Ann.\null{} Discrete Math.")
@STRING(Banach = "Banach Center Publ.")
@STRING(Berichte = "Berichte zur praktischen Informatik")
@STRING(Bolyai = "Colloq.\null{} Math.\null{} Soc.\null{} J{\'a}nos Bolyai")
@STRING(Cambridge = "Cambridge Tracts Theoret.\null{} Comput.\null{} Sci.")
@STRING(Colloq = "Amer.\null{} Math.\null{} Soc.\null{} Colloq.\null{} Publ.")
@STRING(Congr = "Congr.\null{} Numer.")
@STRING(Doct = "Doctoral Diss.")%%% Gibt es als TYPE, NOTE, SERIE und ausgeschrieben...
@STRING(Found = "Found.\null{} Comput.\null{} Ser.")
@STRING(Grundlehr = "Grundlehren Math.\null{} Wiss.")
@STRING(Grundz = "Grundz{\"u}ge der Mathematik")
@STRING(IFB = "Informatik-Fachberichte")
@STRING(Leitf = "Leitf{\"a}den der angewandten Informatik")

STRING(LNAI = "Lect.\null{} Notes in Artificial Intelligence")
@string{LNAI = "LNAI"}

STRING(LNCS = "Lect.\null{} Notes in Comput.\null{} Sci.")
@string{LNCS = "LNCS"}
@STRING(LNM = "Lect.\null{} Notes in Math.")

string{LNM = "Lecture Notes in Mathematics"}
@STRING(London  = "London Math.\null{} Soc.\null{} Lecture Note Ser.")
@STRING(MCTracts = "Mathematical Centre Tracts")%%%siehe CWI
@STRING(Mem.Manch. = "Memoirs of the Manchester Literary and Philosophical Soc., ser.\null{} 3")
@STRING(Minnesota = "Minnesota Studies in the Philosophy of Science")
@STRING(CWI = "CWI Monographs")
@STRING(NATOF = "NATO ASI Ser.\null{} F")
@STRING(Progress = "Progr.\null{} Theoret.\null{} Comput.\null{} Sci.")
@STRING(MAA_S = "MAA Studies in Mathematics")
@STRING(SeminaireMontr = "S{\'e}minaire de math{\'e}matiques superieures")
@STRING(SymposiaMat = "Sympos.\null{} Math.")
@STRING(SymposiaPure = "Proc.\null{} Sympos.\null{} Pure Math.")
@STRING(Texts = "Texts Monogr.\null{} Comput.\null{} Sci.")
@STRING(UTYear = "The UT Year of Programming Ser.")%Korrekt!







@STRING(Ablex = "Ablex")
@STRING(Academic = "Academic Press")
@STRING(ACM = "ACM")
@STRING(Addison = "Addison-Wesley")
@STRING(ALAMOS = "Los Alamos Scientific Laboratory")
@STRING(ALBERTA = "Univ.\null{} of Alberta")
@STRING(Allyn = "Allyn and Bacon")
@STRING(AMS = "Amer.\null{} Math.\null{} Soc.")
@STRING(Arno = "Arno Press")
@STRING(AUGSB = " Univ.\null{} Augsburg, Inst.\null{} f{\"u}r Mathematik")
@STRING(Basic = "Basic Books")
@STRING(Benjamins = "Benjamins")

@STRING(BERLIN_TUI = "Technische Univ.\null{} Berlin, FB 20 -- Informatik")
@STRING(BERN = "Univ.\null{} Bern")
@STRING(BI = "BI-Wissenschaftsverlag")
@STRING(Blackwell ="Blackwell")
@STRING(BCS = "British Computer Society")
@STRING(Bobbs = "Bobbs-Merrill")

@STRING(CambridgeUP = "Cambridge Univ.\null{} Press")
@STRING(CARNEG_DCS = "Carnegie Mellon Univ., Dept.\null{} of Computer Science")
@STRING(Chelsea = "Chelsea")
@STRING(CSLI = "Center for the Study of Language and Information")

@STRING(COLORADO = "Univ.\null{} of Colorado, Boulder")
@STRING(CompuSci ="Computer Science Press")
@string{CWI = "Centrum voor Wiskunde en Informatica"}
@STRING(Deuts = "Deutscher Verlag der Wissenschaften")
@STRING(DFKI = "German Research Center for Artificial Intelligence (DFKI)")
@STRING(Dover = "Dover Publ.")
@STRING(Edinb =  "Edinburgh Univ.\null{} Press")

@STRING(EDINB_CS = "Univ.\null{} of Edinburgh, Dept.\null{} of Computer Science")
@STRING(EIND_MC = "Eindhoven Univ.\null{} of Technology, Dept.\null{} of Mathematics and Computing Science")
@STRING(Elsevier = "Elsevier")
@STRING(Freeman = "Freeman")
@STRING(GG = "GraGra ")
@STRING(GI = "Ges.\null{} f.\null{} Informatik (GI)")
@STRING(GLASGOW = "Univ.\null{} of Glasgow")
@STRING(GMD = {Ges.\null{} f{\"u}r Mathematik und Datenverarbeitung (GMD)})
@STRING(GRON_DMC = "Univ.\null{} of Groningen, Dept.\null{} of Mathematics and Computing Science")
@STRING(HAGEN = "Fernuniv.\null{} Hagen, FB Mathematik und Informatik")
@STRING(Hanser = "Hanser")
@STRING(Harvard = "Harvard Univ.")
@STRING(HarvardUP = "Harvard Univ.\null{} Press")
@STRING(HELS = "Univ.\null{} of Helsinki, Dept.\null{} of Computer Science")
@STRING(HUNGAR_AS = "Hungarian Acad.\null{} Sci.")

@STRING(HUNGAR_MI =" Hungarian Acad.\null{} Sci., Math.\null{} Inst.")
@STRING(IBM = "Thomas J.\null{} Watson Research Center (IBM)")
@STRING(ICOT = "Inst.\null{} for New Generation Computer Technology (ICOT), Tokyo")
@STRING(IEEE = "IEEE Computer Society Press")
@STRING(IMPER = "Imperial College London, Dept.\null{} of Computing")
@STRING(IndianaUP = "Indiana Univ.\null{} Press")
@STRING(INRIA = "INRIA, Rocquencourt")
@STRING(IRIA = "IRIA, Rocquencourt")
@STRING(IWBS = "IWBS, IBM Deutschland")
@STRING(KAIS = "Univ.\null{} Kaiserslautern, FB Informatik")
@STRING(Kammerer = "Kammerer \& Unverzagt")
@STRING(Karlsruhe = "Univ.\null{} Karlsruhe, Fakult{\"a}t f{\"u}r Informatik")
@STRING(Kauf = "Morgan Kaufmann")
@STRING(Kestrel = "Kestrel Inst.")
@STRING(KIEL = "Univ.\null{} Kiel, Inst.\null{} f{\"u}r Informatik und Praktische Mathematik")
@STRING(Kluwer = "Kluwer")
@STRING(Knopf = "Alfred A.\null{} Knopf Press")
@STRING(Kodansha = "Kodansha")
@STRING(LAVAL = "Univ.\null{} Laval, D{\'e}pt.\null{} d'Informatique")
@STRING(LatvGos = "Latv.\null{} Gos.\null{} Univ.")
@STRING(LINKOP = "Link{\"o}ping Univ., Dept.\null{} of Computer and Information Science")
@STRING(RIDDER = "de Ridder")
@STRING(Little = "Little, Brown, and Co.")
@STRING(MAA = "The Mathematical Assoc.\null{} of America")
@STRING(Masson = "Masson")
@STRING(McGraw = "McGraw-Hill")
@STRING(Macmillan = "Macmillan")
@STRING(MC = "Mathematisch Centrum")
@STRING(Minerva = "Minerva")
@STRING(MINNESOTA_U = "Univ.\null{} of Minnesota, Minneapolis")
@STRING(MinnesotaUP = "Univ.\null{} of Minnesota Press, Minneapolis")
@STRING(MIT = "Massachusetts Inst.\null{} of Technology")
@STRING(MIT_P = "MIT Press")
@STRING(MONTREAL= "L'Univ.\null{} de Montr{\'e}al")
@STRING(MontrealP = "Les Presses de l'Univ.\null{} de Montr{\'e}al")
@STRING(MUENSTER = " Univ.\null{} M{\"u}nster, Inst.\null{} f{\"u}r Angewandte Mathematik und Informatik")
@STRING(NIH = "National Inst.\null{} of Health, Laboratory of Computer Research and Technology")
@STRING(NoHo = "North-Holland")
@STRING(NORTHW = "Northwestern Univ.")
@STRING(Nostrand = "Van Nostrand")
@STRING(NY = "New York Univ., Courant Inst.\null{} of Math.\null{} Sci., Dept.\null{} of Computer Science")
@STRING(OpenPubl = "Open Court Publ.\null{} Co.")
@STRING(OXFORD = "Oxford Univ.")
@STRING(OXFORD_CL = "Oxford Univ.\null{} Computing Laboratory, Programming Research Group")
@STRING(OxfordMI ="Oxford Univ., Mathematical Inst.")
@STRING(OUP = "Oxford Univ.\null{} Press")
@STRING(OXFORD_P = "Oxford Univ.\null{} Press")
@STRING(PASSAU = "Univ.\null{} Passau, Fakult{\"a}t f{\"u}r Mathematik und Informatik")
@STRING(Pitman = "Pitman")
@STRING(Plenum = "Plenum Press")
@STRING(PolishC = "Polish Academy of Sciences, Inst.\null{} of Computer Science")
@STRING(PolishM = "Polish Academy of Sciences, Inst.\null{} of Mathematics")
@STRING(Prentice = "Prentice Hall")
@STRING(PrenticeCS = "Prentice Hall Intl.\null{} Ser.\null{} Computer Science")
@STRING(PrenticeCS = "Prentice Hall International Series in Computer Science")
@STRING(Princeton = "Princeton Univ.")
@STRING(PrincetonP = "Princeton Univ.\null{} Press")
@STRING(QUEENS = "Univ.\null{} of Queensland")
@STRING(RiodeJaneiro = "Pontif{\'{\i}}cia Univ.\null{} Cat{\'{o}}lica do Rio de Janeiro")
@STRING(Reidel = "Reidel")
@STRING(ROCH = "Univ.\null{} of Rochester, Dept.\null{} of Computer Science")
@STRING(Routledge = "Routledge Kegan Paul")
@STRING(SAAR = "Univ.\null{} des Saarlandes, Saarbr{\"u}cken")
@STRING(Springer = "Springer")
@STRING(STANF = "Stanford Univ.")
@STRING(STONY = "State Univ.\null{} of New York, Stony Brook")
@STRING(Taylor = "Taylor and Walton")
@STRING(Teubner = "Teubner")
@STRING(TEXAS = "Univ.\null{} of Texas, Austin")
@STRING(TexasTUP = "Texas Tech.\null{} Univ.\null{} Press")
@STRING(Tuebingen = "For\-schungs\-stelle f{\"u}r nat{\"u}rlich-sprachliche Systeme, T{\"u}bingen")
@STRING(TuebingenS = "Seminar f{\"u}r nat{\"u}rlich-sprachliche Systeme, T{\"u}bingen")
@STRING(Toronto = "Univ.\null{} of Toronto")
@STRING(TorontoP = "Univ.\null{} of Toronto Press")
@STRING(Tuttle = "Charles E.\null{} Tuttle Company (Yale Univ.)")
@STRING(TWENTE ="Twente Univ.")
@STRING(U_BWM = "Univ.\null{} der Bundeswehr M{\"u}nchen, Fakult{\"a}t f{\"u}r Informatik")
@STRING(U_LMU = "Univ.\null{}  M{\"u}nchen")
@STRING(U_MICH = "Univ.\null{} of Michigan")
@STRING(U_MICH_S = "Michigan State Univ.")
@STRING(U_TUM = "Technische Univ.\null{} M{\"u}nchen")
@STRING(U_TUMI = "Technische Univ.\null{}  M{\"u}nchen, Fakult{\"a}t f{\"u}r Informatik")
@STRING(ULM = "Univ.\null{} Ulm, FB Informatik")
@STRING(Univ = "Deutscher Univ.-Verlag")
@STRING(Vanden = "Vandenhoeck \& Rupprecht")
@STRING(VDE = "VDE-Verlag")
@STRING(Vieweg = "Vieweg")
@STRING(Warwick = "Univ.\null{} of Warwick")
@STRING(WASH = "Univ.\null{} of Washington")
@STRING(Waterloo = "Univ.\null{} of Waterloo")
@STRING(WESTV = "West Virginia Univ.")
@STRING(Wiley = "Wiley")
@STRING(Yale = "Yale Univ.")
@STRING(YaleP ="Yale Univ.\null{} Press")
@STRING(YORK = "Univ.\null{} of York")


@STRING(BIRKH = "Birkh{\"a}user")
@STRING(BERKELEY = "Univ.\null{} of California, Berkeley")
@STRING(BERKELEY_P = "Univ.\null{} of California Press, Berkeley")
@STRING(DAGSTUHL ="Internat.\null{} Begegnungs- und Forschungszentrum f{\"u}r Informatik, Dagstuhl")
@STRING(CSLI_P = "CSLI Publications")
@STRING(GRUYTER = "de Gruyter")
@STRING(ILLC = "ILLC")
@STRING(CLARENDON = "Clarendon Press")
@STRING(AKADEMIE = "Akademie Verlag")
@STRING(SHAKER = "Shaker")



@STRING(JLLI ="J.\null{}  Logic Lang.\null{} Inform.")
@STRING(Theoretical_Linguistics ="Theoret.\null{} Linguist.")
@STRING(Journal_of_the_Interest_Group_in_Pure_and_Applied_Logics ="J.\null{} of the Interest Group in Pure and Applied Logics")
@STRING(Fuzzy_Sets_and_Systems ="Fuzzy Sets and Systems")
@STRING(Computers_and_Mathematics_with_applications ="Comput.\null{}  Math.\null{} Appl.")
@STRING(South_African_Computer_Journal ="South African Computer J.")
@STRING(Journal_of_Logic_and_Computation ="J.\null{} Logic Comput.")
@STRING(Midwest_Studies_in_Philosophy ="Midwest Studies in Philosophy")
@STRING(Electronic_Journal_on_Networks_and_Distributed_Processing ="Electronic J.\null{} on Networks and Distributed Processing")
@STRING(Bulletin_of_the_Section_of_Logic_University_of_Lodz ="Bull.\null{} of the Sect.\null{} of Logic, Univ.\null{} of {\L\'od\'z}")
@STRING(Bulletin_of_Symbolic_Logic ="Bull.\null{} Symbolic  Logic")
@STRING(Linguistics_and_Philosophy ="Linguistics and Philosophy")
@STRING(Bulletin_of_the_European_Association_for_Theoretical_Computer_Science ="Bull.\null{} of the European Association for Theoretical Computer Science (EATCS)")
@STRING(Bell_System_Technical_Journal ="Bell System Tech.\null{} J.")
@STRING(ICO_Quebec ="ICO Qu{\'e}bec")
@STRING(INFOR ="INFOR.\null{} Information Systems and Operational Research")
@STRING{INFOR-CJORIP = "Canadian Journal of Operations Research and Information Processing"}
@STRING(Communications_in_Algebra ="Comm.\null{} Algebra")
@STRING(Bull_Kyushu_Inst_Tech ="Bull.\null{} Kyushu Inst.\null{} Tech.\null{} Math.\null{} Natur.\null{} Sci.")
@STRING(Advances_in_Software_Science_and_Technology ="Adv.\null{} Software Sci.\null{} Tech.")
@STRING(UCLA_Occasional_Papers_in_Linguistics ="UCLA Occasional Papers in Linguistics")
@STRING(American_Math_Monthly ="Amer.\null{} Math.\null{} Monthly")
@STRING(ACM_SIGACT_News ="ACM SIGACT News")
@STRING(BIT="BIT (Kyoritsu Shuppan Co., Ltd)")
@STRING(Math_Sci_hum ="Math.\null{} Sci.\null{} Hum.")
@STRING(Nuclear_Safety ="Nuclear Safety")
@STRING(Rivista_di_Matematica ="Rivista di Matematica")
@STRING(Synthese ="Synthese")
@string{GhStefanescu = "{\c{S}}tef{\u{a}}nescu, Gh."}

@String{ PEPMProceedings = {Proceedings of the {ACM} {SIGPLAN} Symposium on
                 Partial Evaluation and Semantics-Based Program
                 Manipulation}}
@STRING{NRL = "United States Naval Research Laboratory"}
@STRING{CRL-MAC-TRIO = "Communications Research Laboratory, McMaster University, Telecommunications Research Institute of Ontario"}
@STRING{CRL-MAC = "Communications Research Laboratory, McMaster University"}
@STRING{SERG-MAC = "Software Engineering Research Group, McMaster University"}
@STRING{SQRL-MAC = "Software Quality Research Laboratory, McMaster University"}
@STRING{SQRL = "Software Quality Research Laboratory"}
