@phdthesis{norell2007,
  author =	 {Ulf Norell},
  title =	 {Towards a practical programming language based on
                  dependent type theory},
  school =	 {Department of Computer Science and Engineering,
                  Chalmers University of Technology},
  year =	 2007,
  month =	 {September},
  address =	 {SE-412 96 G\"{o}teborg, Sweden}
}

@Inbook{bove2009,
  author =	 "Bove, Ana and Dybjer, Peter and Norell, Ulf",
  editor =	 "Berghofer, Stefan and Nipkow, Tobias and Urban,
                  Christian and Wenzel, Makarius",
  title =	 "A Brief Overview of Agda -- A Functional Language
                  with Dependent Types",
  bookTitle =	 "Theorem Proving in Higher Order Logics: 22nd
                  International Conference, TPHOLs 2009, Munich,
                  Germany, August 17-20, 2009. Proceedings",
  year =	 2009,
  publisher =	 "Springer Berlin Heidelberg",
  address =	 "Berlin, Heidelberg",
  pages =	 "73--78",
  isbn =	 "978-3-642-03359-9",
  doi =		 "10.1007/978-3-642-03359-9_6",
  url =		 "http://dx.doi.org/10.1007/978-3-642-03359-9_6"
}

@inproceedings{benke2007,
  title =	 {Alonzoâ€”a compiler for Agda},
  author =	 {Benke, Marcin},
  booktitle =	 {Talk at Agda Implementors Meeting},
  volume =	 6,
  number =	 4,
  year =	 2007
}

@article{kahl2017,
  title =	 {{Relation-Algebraic Theories in Agda RATH-Agda-2.2}},
  author =	 {Kahl, Wolfram and Al-hassy, Musa and Zhao, Yuhang},
  year =	 2017
}

@manual{ghcprofiling,
  author =	 {{GHC}},
  title =	 {Glasgow Haskell Compiler Users Guide},
  date =	 {December 8, 2015},
  language =	 {English},
  version =	 {Version 7.10.3},
  year =	 2015
}
